<record><leader>02229cam a2200517 i 4500</leader><controlfield tag="001">6810993</controlfield><controlfield tag="003">OCoLC</controlfield><controlfield tag="005">20150304160044.0</controlfield><controlfield tag="008">140725t20152015enkab    b    001 0 eng d</controlfield><datafield ind1=" " ind2=" " tag="015"><subfield code="a">GBB4A0076</subfield><subfield code="2">bnb</subfield></datafield><datafield ind1=" " ind2=" " tag="020"><subfield code="a">9781780768298 (hbk.)</subfield></datafield><datafield ind1=" " ind2=" " tag="020"><subfield code="a">178076829X (hbk.)</subfield></datafield><datafield ind1=" " ind2=" " tag="020"><subfield code="z">9780857735379 (ebk.)</subfield></datafield><datafield ind1=" " ind2=" " tag="035"><subfield code="a">ocn898330127</subfield></datafield><datafield ind1=" " ind2=" " tag="039"><subfield code="a">exclude</subfield></datafield><datafield ind1=" " ind2=" " tag="040"><subfield code="a">NLE</subfield><subfield code="b">eng</subfield><subfield code="e">rda</subfield><subfield code="c">NLE</subfield><subfield code="d">OCLCO</subfield><subfield code="d">BDX</subfield><subfield code="d">YDXCP</subfield><subfield code="d">AEU</subfield></datafield><datafield ind1="1" ind2=" " tag="041"><subfield code="a">eng</subfield><subfield code="h">ger</subfield></datafield><datafield ind1=" " ind2=" " tag="043"><subfield code="a">e-gx---</subfield><subfield code="a">e-ur---</subfield></datafield><datafield ind1=" " ind2="4" tag="050"><subfield code="a">D764</subfield><subfield code="b">.M82213 2015</subfield></datafield><datafield ind1="0" ind2="4" tag="082"><subfield code="a">940.532443</subfield><subfield code="2">23</subfield></datafield><datafield ind1=" " ind2=" " tag="090"><subfield code="a">D764 .M82213 2015</subfield><subfield code="b">AEGMCT</subfield></datafield><datafield ind1=" " ind2=" " tag="090"><subfield code="a">D 764 M82213 2015</subfield><subfield code="b">AEU</subfield></datafield><datafield ind1="1" ind2=" " tag="100"><subfield code="a">M&#252;ller, Rolf-Dieter,</subfield><subfield code="d">1948-</subfield><subfield code="e">author.</subfield></datafield><datafield ind1="1" ind2="0" tag="240"><subfield code="a">Feind steht im Osten.</subfield><subfield code="l">English</subfield></datafield><datafield ind1="1" ind2="0" tag="245"><subfield code="a">Enemy in the East :</subfield><subfield code="b">Hitler's secret plans to invade the Soviet Union /</subfield><subfield code="c">Rolf-Dieter M&#252;ller ; translated by Alexander Starritt.</subfield></datafield><datafield ind1=" " ind2="1" tag="264"><subfield code="a">London :</subfield><subfield code="b">I.B. Tauris,</subfield><subfield code="c">2015.</subfield></datafield><datafield ind1=" " ind2="4" tag="264"><subfield code="c">&#169;2015</subfield></datafield><datafield ind1=" " ind2=" " tag="300"><subfield code="a">xiv, 316 pages :</subfield><subfield code="b">illustrations, maps ;</subfield><subfield code="c">24 cm</subfield></datafield><datafield ind1=" " ind2=" " tag="336"><subfield code="a">text</subfield><subfield code="2">rdacontent</subfield></datafield><datafield ind1=" " ind2=" " tag="337"><subfield code="a">unmediated</subfield><subfield code="2">rdamedia</subfield></datafield><datafield ind1=" " ind2=" " tag="338"><subfield code="a">volume</subfield><subfield code="2">rdacarrier</subfield></datafield><datafield ind1=" " ind2=" " tag="500"><subfield code="a">Originally published as Der Feind steht im Osten : Hitlers geheime Pl&#228;ne f&#252;r einen Krieg gegen die Sowjetunion im Jahr 1939: Berlin : Links, &#169;2011.</subfield></datafield><datafield ind1=" " ind2=" " tag="504"><subfield code="a">Includes bibliographical references (pages 297-306) and index.</subfield></datafield><datafield ind1=" " ind2=" " tag="546"><subfield code="a">Translated from the German.</subfield></datafield><datafield ind1=" " ind2=" " tag="596"><subfield code="a">16 29 43</subfield></datafield><datafield ind1="1" ind2="0" tag="600"><subfield code="a">Hitler, Adolf,</subfield><subfield code="d">1889-1945.</subfield></datafield><datafield ind1=" " ind2="0" tag="650"><subfield code="a">World War, 1939-1945</subfield><subfield code="x">Diplomatic history.</subfield></datafield><datafield ind1=" " ind2="0" tag="650"><subfield code="a">World War, 1939-1945</subfield><subfield code="x">Campaigns</subfield><subfield code="z">Eastern Front.</subfield></datafield><datafield ind1=" " ind2="0" tag="650"><subfield code="a">World War, 1939-1945</subfield><subfield code="z">Germany.</subfield></datafield><datafield ind1=" " ind2="0" tag="650"><subfield code="a">World War, 1939-1945</subfield><subfield code="z">Soviet Union.</subfield></datafield><datafield ind1=" " ind2="0" tag="651"><subfield code="a">Germany</subfield><subfield code="x">Relations</subfield><subfield code="z">Soviet Union.</subfield></datafield><datafield ind1=" " ind2="0" tag="651"><subfield code="a">Soviet Union</subfield><subfield code="x">Relations</subfield><subfield code="z">Germany.</subfield></datafield><datafield ind1=" " ind2=" " tag="949"><subfield code="a">D764 .M82213 2015</subfield><subfield code="h">GMCT-OS-B</subfield><subfield code="i">1007404062</subfield><subfield code="p">35.29</subfield><subfield code="k">AVAIL_SOON</subfield></datafield><datafield ind1=" " ind2=" " tag="926"><subfield code="a">D764 .M82213 2015</subfield><subfield code="w">LC</subfield><subfield code="c">1</subfield><subfield code="i">1007404062</subfield><subfield code="d">3/22/2016</subfield><subfield code="e">3/17/2016</subfield><subfield code="l">ON_SHELF</subfield><subfield code="m">GR_MACEWAN</subfield><subfield code="n">1</subfield><subfield code="p">$35.29</subfield><subfield code="r">Y</subfield><subfield code="s">Y</subfield><subfield code="t">BOOK</subfield><subfield code="u">3/10/2015</subfield></datafield><datafield ind1=" " ind2=" " tag="926"><subfield code="a">D 764 M82213 2015</subfield><subfield code="w">LC</subfield><subfield code="c">1</subfield><subfield code="i">0162035285178</subfield><subfield code="d">2/13/2017</subfield><subfield code="e">2/12/2017</subfield><subfield code="l">ON_SHELF</subfield><subfield code="m">UAHSS</subfield><subfield code="n">5</subfield><subfield code="p">$150.00</subfield><subfield code="r">Y</subfield><subfield code="s">Y</subfield><subfield code="t">BOOK</subfield><subfield code="u">5/6/2015</subfield><subfield code="z">COUTTS_ADD</subfield></datafield><datafield ind1=" " ind2=" " tag="926"><subfield code="a">D 764 M82213 2015</subfield><subfield code="w">LC</subfield><subfield code="c">1</subfield><subfield code="i">0162028242129</subfield><subfield code="l">ON_SHELF</subfield><subfield code="m">UAAUG</subfield><subfield code="p">$150.00</subfield><subfield code="r">Y</subfield><subfield code="s">Y</subfield><subfield code="t">BOOK</subfield><subfield code="u">5/13/2015</subfield><subfield code="z">COUTTS_ADD</subfield></datafield></record>